@inproceedings{yamamoto2004stand,
	title={Stand alone wearable power assisting suit-sensing and control 	systems},
	author={Yamamoto, Keijiro and Ishii, Mineo and Noborisaka, Hirokazu and 	Hyodo, Kazuhito},
  booktitle={Robot and Human Interactive Communication, 2004. ROMAN 2004. 	13th IEEE International Workshop on},
  pages={661--666},
  year={2004},
  organization={IEEE}
}

@article{waters1994applications,
  title={Applications manual for the revised NIOSH lifting equation},
  author={Waters, Thomas R and Putz-Anderson, Vern and Garg, Arun},
  year={1994}
}

@article{Al-fahaam2017,
author = {Al-fahaam, H. and Davis, S. and Nefti-meziani, S.},
doi = {10.1016/j.robot.2017.10.010},
issn = {09218890},
journal = {Robotics and Autonomous Systems},
pages = {44084},
publisher = {Elsevier B.V.},
title = {{The design and mathematical modelling of novel extensor bending pneumatic arti icial muscles ( EBPAMs ) for soft exoskeletons}},
url = {https://doi.org/10.1016/j.robot.2017.10.010},
volume = {99},
year = {2017}
}

@article{Xiloyannis2017,
archivePrefix = {arXiv},
arxivId = {1508.04886},
author = {Xiloyannis, M. and Cappello, L. and Dinh, B. Khanh and Antuvan, C. W. and Masia, L.},
doi = {10.1007/978-3-319-46669-9_92},
eprint = {1508.04886},
file = {:C$\backslash$:/Users/nhpham2/Desktop/Berm/literature - papers/2055668316680315.pdf:pdf},
isbn = {978-1-62410-338-4},
issn = {21953570},
journal = {Biosystems and Biorobotics},
keywords = {Xiloyannis2017,active orthotics,assistive technology,control systems,exoskeleton,rehabilitation devices},
mendeley-tags = {Xiloyannis2017},
pages = {557--561},
title = {{Design and preliminary testing of a soft exosuit for assisting elbow movements and hand grasping}},
volume = {15},
year = {2017}
}

@techreport{BLS2016,
author = {{Bureau of Labor Statistics}},
booktitle = {US Department of Labor},
doi = {USDL 15-2205},
isbn = {USDL-11-1612},
number = {USDL-16-2130},
pages = {1--32},
title = {{Nonfatal occupational injuries and illnesses requiring days away from work}},
url = {http://scholar.google.com/scholar?hl=en{\&}btnG=Search{\&}q=intitle:Nonfatal+occupational+injuries+and+illnesses+requiring+days+away+from+work,+2010.{\#}1},
year = {2016}
}

@techreport{BLS2017,
author = {{Bureau of Labor Statistics}},
booktitle = {U.S. Department of Labor},
file = {:C$\backslash$:/Users/nhpham2/Desktop/Berm/literature - papers/osh.pdf:pdf},
number = {USDL-17-1482},
pages = {1--4},
title = {{Employer-Reported Workplace Injuries and Illnesses}},
url = {http://www.bls.gov/news.release/atus2.t01.htm},
year = {2017}
}

@article{CALDWELL2007a,
	author = {Caldwell, D.G. and Tsagarakis, N. G. and Kousidou, S. and Costa, N. and Sarakoglou, I.},
	doi = {10.1142/S0219843607001151},
	isbn = {0219519412},
	issn = {0219-8436},
	journal = {International Journal of Humanoid Robotics},
	number = {03},
	pages = {549--573},
	title = {{"Soft" Exoskeletons for Upper and Lower Body Rehabilitation â€” Design, Control and Testing}},
	url = {http://www.worldscientific.com/doi/abs/10.1142/S0219843607001151},
	volume = {04},
	year = {2007}
}

@article{Chen2017h,
	author = {Chen, Yaohui and Le, Sing and Tan, Qiao Chu and Lau, Oscar and Wan, Fang and Song, Chaoyang},
	file = {:C$\backslash$:/Users/nhpham2/AppData/Local/Mendeley Ltd./Mendeley Desktop/Downloaded/Chen et al. - 2017 - A Lobster-inspired Robotic Glove for Hand Rehabilitation.pdf:pdf},
	isbn = {9781509046324},
	journal = {IEEE International Conference on Robotics and Automation (ICRA)},
	pages = {4782--4787},
	title = {{A Lobster-inspired Robotic Glove for Hand Rehabilitation}},
	year = {2017}
}

@article{Ding2016,
	author = {Ding, Y. and Galiana, I. and Asbeck, A. and De Rossi, S. and Bae, J. and Santos, T. and Araujo, V. and Lee, S. and Holt, K. and Walsh, C.J.},
	doi = {10.1109/TNSRE.2016.2523250},
	issn = {1534-4320},
	journal = {IEEE Transactions on Neural Systems and Rehabilitation Engineering},
	number = {99},
	pages = {1--1},
	pmid = {26849868},
	title = {{Biomechanical and Physiological Evaluation of Multi-joint Assistance with Soft Exosuits}},
	volume = {PP},
	year = {2016}
}

@article{Dinh2017,
	author = {Dinh, B.K. and Xiloyannis, M. and Antuvan, C.W. and Cappello, L. and Masia, L.},
	doi = {10.1109/LRA.2017.2668473},
	file = {:C$\backslash$:/Users/nhpham2/Desktop/Berm/literature - papers/07855728.pdf:pdf},
	issn = {2377-3766},
	journal = {IEEE Robotics and Automation Letters},
	number = {3},
	pages = {1786--1793},
	title = {{Hierarchical Cascade Controller for Assistance Modulation in a Soft Wearable Arm Exoskeleton}},
	url = {http://ieeexplore.ieee.org/document/7855728/},
	volume = {2},
	year = {2017}
}

@article{Gopura2016a,
	author = {Gopura, R. A.R.C. and Bandara, D. S.V. and Kiguchi, Kazuo and Mann, G. K.I.},
	doi = {10.1016/j.robot.2015.10.001},
	file = {:C$\backslash$:/Users/nhpham2/Desktop/Berm/literature - papers/gopura2016.pdf:pdf},
	issn = {09218890},
	journal = {Robotics and Autonomous Systems},
	keywords = {Exoskeleton robot,Power-assist robot,Rehabilitation,Upper-limb},
	pages = {203--220},
	publisher = {Elsevier B.V.},
	title = {{Developments in hardware systems of active upper-limb exoskeleton robots: A review}},
	url = {http://dx.doi.org/10.1016/j.robot.2015.10.001},
	volume = {75},
	year = {2016}
}

@inbook{Kazerooni2008,
	address = {Berlin, Heidelberg},
	author = {Kazerooni, H.},
	booktitle = {Springer Handbook of Robotics},
	doi = {10.1007/978-3-540-30301-5_34},
	editor = {Siciliano, Bruno and Khatib, Oussama},
	isbn = {978-3-540-30301-5},
	pages = {773--793},
	publisher = {Springer Berlin Heidelberg},
	title = {{Exoskeletons for Human Performance Augmentation}},
	url = {https://doi.org/10.1007/978-3-540-30301-5{\_}34},
	year = {2008}
}

@article{Kim2017,
	author = {Kim, Jung Hoon and Lee, Jongwoo and Oh, Yonghwan},
	file = {:C$\backslash$:/Users/nhpham2/AppData/Local/Mendeley Ltd./Mendeley Desktop/Downloaded/Kim, Lee, Oh - 2017 - Stability Regions for Standing Balance of Biped Humanoid Robots.pdf:pdf},
	isbn = {9781509046324},
	pages = {4735--4740},
	title = {{Stability Regions for Standing Balance of Biped Humanoid Robots}},
	year = {2017}
}

@article{Koh2017,
	author = {Koh, T.H. and Cheng, N. and Yap, H.K. and Yeow, C.H.},
	doi = {10.3389/fnins.2017.00597},
	file = {:C$\backslash$:/Users/nhpham2/Downloads/fnins-11-00597.pdf:pdf},
	issn = {1662-453X},
	journal = {Frontiers in Neuroscience},
	keywords = {assistive,elbow,electromyography-driven,rehabilitation,robotic,soft-robotic,stroke,wearable},
	number = {October},
	pages = {597},
	title = {{Design of a Soft Robotic Elbow Sleeve with Passive and Intent-Controlled Actuation}},
	url = {https://www.frontiersin.org/article/10.3389/fnins.2017.00597},
	volume = {11},
	year = {2017}
}

@article{Leigh2011,
	author = {Leigh, J. P.},
	doi = {10.1111/j.1468-0009.2011.00648.x},
	file = {:C$\backslash$:/Users/nhpham2/Downloads/milq0089-0728.pdf:pdf},
	isbn = {0887378X},
	issn = {1468-0009},
	journal = {The Milbank Quarterly},
	keywords = {Accidents,Adult,Cost of Illness,Data Collection,Data Collection: statistics {\&} numerical data,Female,Health Care Costs,Health Care Costs: statistics {\&} numerical data,Humans,Incidence,Male,Middle Aged,Occupational,Occupational Diseases,Occupational Diseases: economics,Occupational Diseases: epidemiology,Occupational: economics,Occupational: statistics {\&} numerical da,Population Surveillance,Prevalence,United States,United States Occupational Safety and Health Admin,United States: epidemiology,Workers' Compensation,Workers' Compensation: economics,Workers' Compensation: statistics {\&} numerical data,Workplace,Wounds and Injuries,Wounds and Injuries: economics,Wounds and Injuries: epidemiology,Young Adult},
	number = {4},
	pages = {728--72},
	pmid = {22188353},
	title = {{Economic burden of occupational injury and illness in the United States}},
	url = {http://www.pubmedcentral.nih.gov/articlerender.fcgi?artid=3250639{\&}tool=pmcentrez{\&}rendertype=abstract},
	volume = {89},
	year = {2011}
}

@article{Mislinski2017,
	author = {Mislinski, J.},
	journal = {Advisor Perspectives},
	pages = {1--9},
	title = {{Long-Term Trends in Employment}},
	year = {2017}
}

@article{Park2014cd,
	author = {Park, Y.L. and Chen, B.R. and P{\'{e}}rez-Arancibia, N.O. and Young, D. and Stirling, L. and Wood, R.J. and Goldfield, E.C. and Nagpal, R.},
	doi = {10.1088/1748-3182/9/1/016007},
	file = {:C$\backslash$:/Users/nhpham2/Desktop/Berm/Mechatronics Design Innovation/Ankle Foot/bb{\_}9{\_}1{\_}016007.pdf:pdf;:C$\backslash$:/Users/nhpham2/Desktop/Berm/ICRA 2017/bb{\_}9{\_}1{\_}016007.pdf:pdf;:C$\backslash$:/Users/nhpham2/AppData/Local/Mendeley Ltd./Mendeley Desktop/Downloaded/Park et al. - 2014 - Design and control of a bio-inspired soft wearable robotic device for ankle-foot rehabilitation.pdf:pdf},
	isbn = {1748-3190 (Electronic)$\backslash$n1748-3182 (Linking)},
	issn = {1748-3190},
	journal = {Bioinspiration {\&} biomimetics},
	keywords = {Biofeedback,Biological,Biomimetics,Biomimetics: instrumentation,Computer Simulation,Computer-Assisted,Computer-Assisted: instrumentation,Equipment Design,Equipment Failure Analysis,Foot Orthoses,Gait Disorders,Hardness,Humans,Models,Muscle,Neurologic,Neurologic: rehabilitation,Psychology,Psychology: instrumentation,Robotics,Robotics: instrumentation,Skeletal,Skeletal: physiopathology,Therapy},
	number = {1},
	pages = {016007},
	pmid = {24434598},
	title = {{Design and control of a bio-inspired soft wearable robotic device for ankle-foot rehabilitation.}},
	url = {http://iopscience.iop.org/article/10.1088/1748-3182/9/1/016007},
	volume = {9},
	year = {2014}
}

@article{ADEM:ADEM201700016,
	author = {Polygerinos, P. and Correll, N. and Morin, S.A. and Mosadegh, B. and Onal, C.D. and Petersen, K. and Cianchetti, M. and Tolley, M.T. and Shepherd, R.F.},
	doi = {10.1002/adem.201700016},
	file = {:C$\backslash$:/Users/nhpham2/Desktop/Berm/literature - papers/polygerinos2017.pdf:pdf},
	issn = {1527-2648},
	journal = {Advanced Engineering Materials},
	keywords = {Polygerinos2016},
	mendeley-tags = {Polygerinos2016},
	pages = {e201700016----n/a},
	title = {{Soft Robotics: Review of Fluid-Driven Intrinsically Soft Devices; Manufacturing, Sensing, Control, and Applications in Human-Robot Interaction}},
	url = {http://dx.doi.org/10.1002/adem.201700016}
}

@article{Polygerinos,
	author = {Polygerinos, P. and Galloway, K.C. and Sanan, S. and Herman, M. and Walsh, C.J.},
	doi = {10.1109/ICORR.2015.7281175},
	file = {:C$\backslash$:/Users/nhpham2/Desktop/Berm/Paper Review/Review/2015{\_}-{\_}polygerinos{\_}-{\_}icorr{\_}-{\_}emg{\_}controlled{\_}soft{\_}robotic{\_}glove{\_}for{\_}assistance{\_}during{\_}activities{\_}of{\_}daily{\_}living.pdf:pdf},
	issn = {1945-7898},
	journal = {2015 IEEE International Conference on Rehabilitation Robotics (ICORR)},
	keywords = {,1,Actuators,EMG,EMG controlled soft robotic glove,Electromyography,Grasping,Muscles,Robot sensing systems,Thumb,activities of daily living,assistance in activities of,assisted living,daily living,elastomeric materials,electromyography,emg,figure,force control,gross muscle activation signals,hand assistance,hand closing force generation,hand pathology,impairments through the use,inextensible materials,low-level fluidic pressure controller,med,medical control systems,medical signal processing,of a soft robotic,open-loop sEMG logic,patient with muscular dystrophy,pressure control,pressure regulation,soft actuator,soft robotic glove,the concept of providing,to individuals with hand},
	month = {aug},
	pages = {55--60},
	title = {{EMG Controlled Soft Robotic Glove for Assistance During Activities of Daily Living}},
	year = {2015}
}

@INPROCEEDINGS{Simpson2017, 
author={C. S. Simpson and A. M. Okamura and E. W. Hawkes}, 
booktitle={2017 IEEE International Conference on Robotics and Automation (ICRA)}, 
title={Exomuscle: An inflatable device for shoulder abduction support}, 
year={2017}, 
volume={}, 
number={}, 
pages={6651-6657}, 
keywords={handicapped aids;medical robotics;muscle;adult disability;exomuscle;fabric bag;inflatable device;plastic bladder;robots;shoulder abduction support;stroke;Bladder;Couplings;Elbow;Muscles;Robots;Shoulder;Torso}, 
doi={10.1109/ICRA.2017.7989785}, 
ISSN={}, 
month={May},}

@INPROCEEDINGS{Sridar2017, 
author={S. Sridar and P. H. Nguyen and M. Zhu and Q. P. Lam and P. Polygerinos}, 
booktitle={2017 IEEE/RSJ International Conference on Intelligent Robots and Systems (IROS)}, 
title={Development of a soft-inflatable exosuit for knee rehabilitation}, 
year={2017}, 
volume={}, 
number={}, 
pages={3722-3727}, 
keywords={actuators;electromyography;gait analysis;orthotics;patient rehabilitation;force-sensitive resistors;gait cycle;knee rehabilitation scenarios;knee-extension assistance;muscle activity;sEMG sensors;soft-inflatable actuators;soft-inflatable exosuit device;soft-silicone insole;surface electromyography;thermoplastic polyurethane materials;Actuators;Fabrication;Force;Knee;Legged locomotion;Muscles;Torque}, 
doi={10.1109/IROS.2017.8206220}, 
ISSN={}, 
month={Sept},}

@article{Viteckova2013,
  title={Wearable lower limb robotics: A review},
  author={Viteckova, S. and Kutilek, P. and Jirina, M.},
  journal={Biocybernetics and Biomedical Engineering},
  volume={33},
  number={2},
  pages={96--105},
  year={2013},
  publisher={Elsevier}
}

@article{Sridar2017,
	author = {Sridar, S. and Nguyen, P.H. and Zhu, M. and Lam, Q.P. and Polygerinos, P.},
	isbn = {9781538626818},
	journal = {2017 IEEE/RSJ International Conference on Intelligent Robots and Systems (IROS)},
	month = {oct},
	pages = {1--6},
	title = {{Development of a Soft-Inflatable Exosuit for Knee Rehabilitation}},
	year = {2017}
}

@article{sardelli2011functional,
	title={Functional elbow range of motion for contemporary tasks},
	author={Sardelli, Matthew and Tashjian, Robert Z and MacWilliams, Bruce A},
	journal={JBJS},
	volume={93},
	number={5},
	pages={471--477},
	year={2011},
	publisher={LWW}
}
@article{waters1994applications,
	title={Applications manual for the revised NIOSH lifting equation},
	author={Waters, Thomas R and Putz-Anderson, Vern and Garg, Arun},
	year={1994}
}
@article{laksanacharoen2003design,
	title={Design of apparatus to study human elbow joint motion},
	author={Laksanacharoen, Sathaporn and Wongsiri, Sunton},
	booktitle={The IEEE EMBS Asian-Pacific Conference on Biomedical Engineering},
	pages={20--22},
	year={2003}
}
@article{mosadegh2014pneumatic,
	title={Pneumatic networks for soft robotics that actuate rapidly},
	author={Mosadegh, B. and Polygerinos, P. and Keplinger, C. and Wennstedt, S. and Shepherd, R.F. and Gupta, U. and Shim, J. and Bertoldi, K. and Walsh, C.J. and Whitesides, G.M.},
	journal={Advanced functional materials},
	volume={24},
	number={15},
	pages={2163--2170},
	year={2014},
	publisher={Wiley Online Library}
}

@INPROCEEDINGS{natividad2017h, 
author={R. F. Natividad and M. R. Del Rosario and P. C. Y. Chen and C. H. Yeow}, 
booktitle={2017 IEEE International Conference on Robotics and Automation (ICRA)}, 
title={A hybrid plastic-fabric soft bending actuator with reconfigurable bending profiles}, 
year={2017}, 
volume={}, 
number={}, 
pages={6700-6705}, 
keywords={bending;pneumatic actuators;robots;hybrid plastic fabric soft bending actuator;pneumatic bending actuator;reconfigurable bending profiles;rigid actuators;robotic systems;soft robotic actuators;Actuators;Fabrics;Force;Interference;Resistance;Soft robotics}, 
doi={10.1109/ICRA.2017.7989792}, 
ISSN={}, 
month={May},}

@article{clauser1969weight,
	title={Weight, volume, and center of mass of segments of the human body},
	author={Clauser, Charles E and McConville, John T and Young, John W},
	year={1969},
	institution={ANTIOCH COLL YELLOW SPRINGS OH}
}

@article{Natividad2017,
author = {Natividad, R.F. and {Del Rosario}, M.R. and Chen, P.C.Y. and Yeow, C.H.},
file = {:C$\backslash$:/Users/nhpham2/AppData/Local/Mendeley Ltd./Mendeley Desktop/Downloaded/Natividad et al. - 2017 - A Hybrid Plastic-Fabric Soft Bending Actuator with Reconfigurable Bending Profiles.pdf:pdf},
isbn = {9781509046324},
journal = {IEEE Conference on Robotics and Automation, 2017},
pages = {[Accepted]},
title = {{A Hybrid Plastic-Fabric Soft Bending Actuator with Reconfigurable Bending Profiles}},
year = {2017}
}

@article{2018I,
title = "Standards for Reporting EMG Data",
journal = "Journal of Electromyography and Kinesiology",
volume = "38",
pages = "I - II",
year = "2018",
note = "Neuromechanics of fine hand-motor tasks",
issn = "1050-6411",
doi = "https://doi.org/10.1016/S1050-6411(18)30035-X",
url = "http://www.sciencedirect.com/science/article/pii/S105064111830035X"
}